@article{Anthony2014,
archivePrefix = {arXiv},
arxivId = {1404.6535},
author = {Anthony, Martin and Boros, Endre and Crama, Yves and Gruber, Aritanan},
eprint = {1404.6535},
file = {::},
month = {apr},
title = {{Quadratization of symmetric pseudo-Boolean functions}},
url = {https://arxiv.org/abs/1404.6535},
year = {2014}
}
@inproceedings{Boros2018boundsPaper,
  title={Compact quadratizations for pseudo-Boolean functions},
  author={Endre Boros and Yves Crama and Elisabeth Rodr{\'i}guez-Heck},
  booktitle={unpublished},
  year={2018}
}
